@article{goldstein2017deconstructing,
  title  = {Deconstructing Data Science: Breaking The Complex Craft Into Itâ€™s Simplest Parts},
  author = {AJ Goldstein},
  year   = {2017}
}

@article{langer2023python,
  title  = {Python for Excel Analysts: Data Cleaning and Wrangling},
  author = {Dave Langer},
  year   = {2023}
}

@article{endel2015data,
  title  = {Data Wrangling: Making data useful again},
  author = {Floridan Endel and Harald Piringer},
  year   = {2015}
}
